@article{streams,
  title     = {A tutorial on coinductive stream calculus and signal flow graphs},
  author    = {J. J. M. M. Rutten},
  journal   = {Theoretical Computer Science},
  year      = {2005},
}

@article{streams-full,
  title     = {Elements of Stream Calculus (An Extensive Exercise in Coinduction)},
  author    = {J. J. M. M. Rutten},
  journal   = {Theoretical Computer Science},
  year      = {2001},
}

@misc{fib-gla,
  title     = {Fibonacci and sustainable rabbit farming},
  author    = {Pawel Sobocinski},
  year      = {2016},
  note      = {Disponível em \url{https://graphicallinearalgebra.net/2016/09/07/31-fibonacci-and-sustainable-rabbit-farming}. Acessado em 14/06/2023},
}

@book{genfunc,
  title     = {generatingfunctionology},
  author    = {Herbert S. Wilf},
  publisher = {Academic Press},
  year      = {1994},
  note      = {Disponível em \url{https://www2.math.upenn.edu/~wilf/DownldGF.html}. Acessado em 14/06/2023},
}
